<?xml version="1.0" encoding="UTF-8"?><collection xmlns="http://www.loc.gov/MARC21/slim"><record><leader>00482nam--2200169-i-4500</leader><controlfield tag="001">000006681</controlfield><controlfield tag="002">20161230</controlfield><controlfield tag="005">20170121221506</controlfield><controlfield tag="008">060222s1000------------r-----000-0-eng-d</controlfield><datafield ind1=" " ind2=" " tag="080"><subfield code="a">517.11:681.3.06</subfield></datafield><datafield ind1=" " ind2=" " tag="245"><subfield code="a">Computer programming and formal systems</subfield></datafield><datafield ind1=" " ind2=" " tag="260"><subfield code="a">Amsterdam</subfield><subfield code="b">North-Holland Publishing Co</subfield><subfield code="c">1963</subfield></datafield><datafield ind1=" " ind2=" " tag="300"><subfield code="a">VI +161 p</subfield></datafield><datafield ind1=" " ind2=" " tag="490"><subfield code="a">Studies In Logic And The Foundations Of Mathematics</subfield></datafield><datafield ind1=" " ind2=" " tag="700"><subfield code="a">Hirschberg, D</subfield></datafield><datafield ind1=" " ind2=" " tag="852"><subfield code="a">13867</subfield></datafield><datafield ind1=" " ind2=" " tag="CAT"><subfield code="a">SYS</subfield><subfield code="c">20170121</subfield><subfield code="h">221506</subfield></datafield></record></collection>